@book{ABNT 60335,
title= {ABNT NBR NM 60335-1:2010: Segurança de aparelhos eletrodomésticos e similares, Parte 1: Requisitos gerais},
publisher= {ASSOCIAÇÃO BRASILEIRA DE NORMAS TÉCNICAS},
year={2010},
note= {Rio de Janeiro}
}
@book{NR12,
title= {NR 12 - SEGURANÇA NO TRABALHO EM MÁQUINAS E EQUIPAMENTOS},
author={BRASIL. Ministério do Trabalho e Emprego},
adress={Brasília: Ministério do Trabalho e Emprego},
year={2019}
}
@online{lgpd,
title= { Bibliografia selecionada: Lei Geral de Proteção de Dados Pessoais (LGPD)},
author = {BRASIL. Superior Tribunal de Justiça},
adress = {Brasília: Biblioteca do STJ},
year = {2020},
note = {Disponível em \url {https://bdjur.stj.jus.br/jspui/bitstream/2011/147031/bibliografia_lgpd.pdf} , acesso em 11 de novembro de 2022}

}
@book{ INOVAÇÃO,
title= {MÉTODOS, TÉCNICAS E FERRAMENTAS PARA INOVAÇÃO: O USO DO BRAINSTORMING NO PROCESSO DE DESIGN CONTRIBUINDO PARA A INOVAÇÃO
},
author={BUCHELE, G. T. et al.},
publisher = {Pensamento & Realidade},
year={2017}
}
@book{ caroli,
author = {CAROLI, P.},
title = {Lean Inception: Como alinhar pessoas e construir o produto certo},
edition  ={1 ed.},
adress = {São Paulo},
publisher = {editora Caroli},
year = {2018}
}

@online{culturaagil,
title= {Gerenciamento de riscos em projetos ágeis},
author = {CULTURA ÁGIL},
note = {Disponível em \url {https://www.culturaagil.com.br/gerenciamento-de-riscos-em-projetos-ageis/} , acesso em 14 de novembro de 2022}

}

@online{ devmedia,
title = {Visão da gerência de riscos na engenharia de software},
author = {DEVMEDIA},
note = { Disponível em : \url{https://www.devmedia.com.br/visao-da-gerencia-de-riscos-na-engenharia-de-software/9144#:~:text=%C2%A7%20Riscos%20de%20Produto%20de,codifica%C3%A7%C3%A3o%20e%20especifica%C3%A7%C3%A3o%20de%20testes},
acesso em 14 de novembro de 2022.}
}

@book{ dorf,
author = {DORF, R.C., SVOBODA, J.A.},
title = {Introdução aos Circuitos Elétricos},
publisher = {Gen/LC},
edition  ={9 ed.},
year = {2016}

}

@online{ fonseca,
author = {FONSECA, A.},
title = {Pesquisa revela alto índice de burnout entre brasileiros},
note  = {Disponível em \url{https://valor.globo.com/carreira/noticia/2022/10/04/pesquisa-revela-alto-indice-de-burnout-entre-brasileiros.ghtml}, acesso em 25 de novembro de 2022},
year={2020}
}

@book{iso9283,
author={INTERNATIONAL ORGANIZATION FOR STANDARDIZATION},
title={ISO 9283:1998.Manipulating industrial robots — Performance criteria and related test methods},
adress={Switzerland},
year={1998}
}
@online{justo,
author={JUSTO, Andréa Silva},
title={ Gerenciamento de Cronograma: o que é, qual a importância, como fazer e dicas práticas!},
year= {2019},
note={Disponível em \url{https://www.euax.com.br/2019/02/gerenciamento-de-cronograma/#:~:text=De%20acordo%20com%20a%206%C2%AA,cronograma%20e%20controlar%20o%20cronograma},
acesso em 21 de novembro de 2022}

}
@online{pmi,
author={PMI},
title={ A Guide to the Project Management Body of Knowledge},
organization={Newtown Square: Project Management Institute},
year={1996},
note={Disponível em \url{https://www.culturaagil.com.br/gerenciamento-de-riscos-em-projetos-ageis}, acesso em 25 de novembro de 2022}

}
@online{fga,
title={Gerenciando custos em um projeto},
organization={FGA-EPS-MDS},
note={Disponivel em \url{github.com/fga-eps-mds/A-Disciplina-MDS-EPS}, acesso em 21 de novembro de 2022 }
}
@online{aliexpress,
author={aliexpress},
title={Motor para Vassouras em aspirador robô},
note={Disponível em \url{https://pt.aliexpress.com/item/32886695370.htm}, acesso em 21 de novembro de 2022}
}

@misc{ESPRESSIFMANUAL,
  author = {Espressif Systems},
  title = {{ESP32 Technical Reference Manual}},
  howpublished = "\url{https://www.espressif.com/sites/default/files/documentation/esp32_technical_reference_manual_en.pdf}",
  year = {2022}, 
  note = "[Online; accessed 05-December-2022]"
}

@misc{POSTGRESSQL,
  author = {Postgres.org},
  title = {{Postgres}},
  howpublished = "\url{https://www.postgresql.org/}",
  year = {2022}, 
  note = "[Online; accessed 15-December-2022]"
}

@misc{PHPPOT,
  author = {Vincy, PHPpot},
  title = {{PHPPOT}},
  howpublished = "\url{https://phppot.com/php/php-google-oauth-login/}",
  year = {2022}, 
  note = "[Online; accessed 20-December-2022]"
}

@book{Máquinas,
author={Henn, E. A. L.},
title={Máquinas de Fluido},
edition={2 ed},
adress={Santa Maria},
publisher={Santa Maria},
year={2006},
}

@misc{supero_2020, 
  title={Microsserviços: conceito, vantagens e desvantagens dessa arquitetura}, 
  url={https://www.supero.com.br/blog/microsservicos-conceito-vantagens-e-desvantagens-desse-tipo-de-arquitetura/}, 
  journal={Supero}, 
  author={Supero}, 
  year={2020}, 
  month={Jun} 
}

@misc{nodejs_2019, 
  title={Introduction to Node.js},
  url={https://nodejs.dev/pt/learn/},
  journal={Introduction to Node.js},
  author={Copes, Flavio and Borins, Myles and Lanz, Romain and Virk, Taranveer},
  year={2019},
  month={Feb}
}

@misc{sequelize_2022,
  title={Sequelize v6}, 
  url={https://sequelize.org/docs/v6/}, 
  journal={sequelize.org}, 
  author={Sequelize}, 
  year={2022}, 
  month={Mar} 
}

@misc{google_2022,
  title={Como usar o OAuth 2.0 para acessar as APIs do Google | Authorization}, 
  url={https://developers.google.com/identity/protocols/oauth2?hl=pt-br}, 
  journal={Google Developers}, 
  author={Google}, 
  year={2022}, 
  month={Dec}
}

@misc{amazon, 
  title={Echo com Alexa | Amazon.com.br},
  url={https://www.amazon.com.br/b/ref=pd_sl_1dxfuiqkhd_e_nodl?ie=UTF8&node=19877613011&ext=5311-29768&tag=hydrbrgk-20&hvpos=1t1&hvnetw=g&hvrand=13645018442554994141&hvpone=&hvptwo=&hvqmt=b&hvdev=m&hvdvcmdl=&hvlocint=&hvlocphy=1001773&hvtargid}, 
  journal={www.amazon.com.br}, 
  author={Amazon} 
}

@misc{ewally_2021, 
  title={Back-end: O Que É, Para Que Serve e Quais Suas Linguagens?}, 
  url={https://www.ewally.com.br/blog/ajudando-sua-empresa/backend/}, 
  journal={Ewally}, 
  author={Ewally}, 
  year={2021}, 
  month={Sep}
}

@misc{alberto_2022,
  title={O que é Flutter? O Framework do Iniciante ao Avançado},
  url={https://www.alura.com.br/artigos/flutter}, 
  journal={Alura}, 
  author={Alberto, Matheus}, 
  year={2022}, 
  month={Nov}
}